@article{netsync,
  title     = {Secure exchange of information by synchronization of neural networks},
  author    = {Kanter, I, W Kinzel, and E Kanter},
  booktitle = {Europhysics Letters (EPL) 57.1},
  year      = {2002}
}

@article{seminalanc,
  title   = {Learning to protect communications with adversarial neural cryptography},
  author  = {Abadi, Mart{\'\i}n and Andersen, David G},
  journal = {arXiv preprint arXiv:1610.06918},
  year    = {2016}
}

@article{perfanc,
  title     = {Learning perfectly secure cryptography to protect communications with adversarial neural cryptography},
  author    = {Coutinho, Murilo and de Oliveira Albuquerque, Robson and Borges, F{\'a}bio and Garcia Villalba, Luis Javier and Kim, Tai-Hoon},
  journal   = {Sensors},
  volume    = {18},
  number    = {5},
  pages     = {1306},
  year      = {2018},
  publisher = {Multidisciplinary Digital Publishing Institute}
}

@article{visualloss,
  title     = {Visualizing the Loss Landscape of Neural Nets},
  author    = {Li, Hao and Xu, Zheng and Taylor, Gavin and Studer, Christoph and Goldstein, Tom},
  booktitle = {Neural Information Processing Systems},
  year      = {2018}
}

@misc{neuralhash,
  title         = {Using fuzzy bits and neural networks to partially invert few rounds of some cryptographic hash functions},
  author        = {Sergij V. Goncharov},
  year          = {2019},
  eprint        = {1901.02438},
  archiveprefix = {arXiv},
  primaryclass  = {cs.CR}
}